@article{2014arXiv1406.2661G,
  author = {{Goodfellow}, I.~J. and {Pouget-Abadie}, J. and {Mirza}, M. and {Xu}, B. and {Warde-Farley}, D. and {Ozair}, S. and {Courville}, A. and {Bengio}, Y.},
  title = "{Generative Adversarial Networks}",
  journal = {ArXiv e-prints},
  archivePrefix = "arXiv",
  eprint = {1406.2661},
  primaryClass = "stat.ML",
  keywords = {Statistics - Machine Learning, Computer Science - Learning},
  year = 2014,
  month = jun,
  adsurl = {http://adsabs.harvard.edu/abs/2014arXiv1406.2661G},
  adsnote = {Provided by the SAO/NASA Astrophysics Data System}
}

@book{Goodfellow-et-al-2016,
  title={Deep Learning},
  author={Ian Goodfellow and Yoshua Bengio and Aaron Courville},
  publisher={MIT Press},
  note={\url{http://www.deeplearningbook.org}},
  year={2016}
}

@article{2017arXiv170100160G,
  author = {{Goodfellow}, I.},
  title = "{NIPS 2016 Tutorial: Generative Adversarial Networks}",
  journal = {ArXiv e-prints},
  archivePrefix = "arXiv",
  eprint = {1701.00160},
  primaryClass = "cs.LG",
  keywords = {Computer Science - Learning},
  year = 2017,
  month = dec,
  adsurl = {http://adsabs.harvard.edu/abs/2017arXiv170100160G},
  adsnote = {Provided by the SAO/NASA Astrophysics Data System}
}

@incollection{NIPS2001_2020,
  title = {On Discriminative vs. Generative Classifiers: A comparison of logistic regression and naive Bayes},
  author = {Andrew Y. Ng and Michael I. Jordan},
  booktitle = {Advances in Neural Information Processing Systems 14},
  editor = {T. G. Dietterich and S. Becker and Z. Ghahramani},
  pages = {841--848},
  year = {2002},
  publisher = {MIT Press},
  url = {http://papers.nips.cc/paper/2020-on-discriminative-vs-generative-classifiers-a-comparison-of-logistic-regression-and-naive-bayes.pdf}
}

@article{2014arXiv1404.7828S,
  author = {{Schmidhuber}, J.},
  title = "{Deep Learning in Neural Networks: An Overview}",
  journal = {ArXiv e-prints},
  archivePrefix = "arXiv",
  eprint = {1404.7828},
  keywords = {Computer Science - Neural and Evolutionary Computing, Computer Science - Learning},
  year = 2014,
  month = apr,
  adsurl = {http://adsabs.harvard.edu/abs/2014arXiv1404.7828S},
  adsnote = {Provided by the SAO/NASA Astrophysics Data System}
}

@online{genmodelingopenai,
  author = {Karpathy, Andrej and Abbeel, Pieter and Brockman, Greg and Chen, Peter and Cheung, Vicki and Duan, Rocky and Goodfellow, Ian and Kingma, Durk and Ho, Jonathan and Houthooft, Rein and Salimans, Tim and Schulman, John and Sutskever, Ilya and and Zaremba, Wojciech},
  title = "{Generative Models}",
  year = 2016,
  month = jun,
  url = {https://blog.openai.com/generative-models/}
}

@article{2016arXiv160603498S,
  author = {{Salimans}, T. and {Goodfellow}, I. and {Zaremba}, W. and {Cheung}, V. and
  {Radford}, A. and {Chen}, X.},
  title = "{Improved Techniques for Training GANs}",
  journal = {ArXiv e-prints},
  archivePrefix = "arXiv",
  eprint = {1606.03498},
  primaryClass = "cs.LG",
  keywords = {Computer Science - Learning, Computer Science - Computer Vision and Pattern Recognition, Computer Science - Neural and Evolutionary Computing},
  year = 2016,
  month = jun,
  adsurl = {http://adsabs.harvard.edu/abs/2016arXiv160603498S},
  adsnote = {Provided by the SAO/NASA Astrophysics Data System}
}


@article{2016arXiv161102200T,
  author = {{Taigman}, Y. and {Polyak}, A. and {Wolf}, L.},
  title = "{Unsupervised Cross-Domain Image Generation}",
  journal = {ArXiv e-prints},
  archivePrefix = "arXiv",
  eprint = {1611.02200},
  primaryClass = "cs.CV",
  keywords = {Computer Science - Computer Vision and Pattern Recognition},
  year = 2016,
  month = nov,
  adsurl = {http://adsabs.harvard.edu/abs/2016arXiv161102200T},
  adsnote = {Provided by the SAO/NASA Astrophysics Data System}
}

@article{2014arXiv1411.1784M,
  author = {{Mirza}, M. and {Osindero}, S.},
  title = "{Conditional Generative Adversarial Nets}",
  journal = {ArXiv e-prints},
  archivePrefix = "arXiv",
  eprint = {1411.1784},
  primaryClass = "cs.LG",
  keywords = {Computer Science - Learning, Computer Science - Artificial Intelligence, Computer Science - Computer Vision and Pattern Recognition, Statistics - Machine Learning},
  year = 2014,
  month = nov,
  adsurl = {http://adsabs.harvard.edu/abs/2014arXiv1411.1784M},
  adsnote = {Provided by the SAO/NASA Astrophysics Data System}
}

@article{2016arXiv161107004I,
  author = {{Isola}, P. and {Zhu}, J.-Y. and {Zhou}, T. and {Efros}, A.~A.},
  title = "{Image-to-Image Translation with Conditional Adversarial Networks}",
  journal = {ArXiv e-prints},
  archivePrefix = "arXiv",
  eprint = {1611.07004},
  primaryClass = "cs.CV",
  keywords = {Computer Science - Computer Vision and Pattern Recognition},
  year = 2016,
  month = nov,
  adsurl = {http://adsabs.harvard.edu/abs/2016arXiv161107004I},
  adsnote = {Provided by the SAO/NASA Astrophysics Data System}
}

@article{2017arXiv170104862A,
  author = {{Arjovsky}, M. and {Bottou}, L.},
  title = "{Towards Principled Methods for Training Generative Adversarial Networks}",
  journal = {ArXiv e-prints},
  archivePrefix = "arXiv",
  eprint = {1701.04862},
  primaryClass = "stat.ML",
  keywords = {Statistics - Machine Learning, Computer Science - Learning},
  year = 2017,
  month = jan,
  adsurl = {http://adsabs.harvard.edu/abs/2017arXiv170104862A},
  adsnote = {Provided by the SAO/NASA Astrophysics Data System}
}

@misc{November2017GANZoo,
  author = {Avinash Hindupur},
  title = "{The GAN Zoo}",
  year = {2017},
  note = {[Online; accessed November 27, 2017]},
  url = {https://github.com/hindupuravinash/the-gan-zoo}
}


@article{2016arXiv161102163M,
  author = {{Metz}, L. and {Poole}, B. and {Pfau}, D. and {Sohl-Dickstein}, J.},
  title = "{Unrolled Generative Adversarial Networks}",
  journal = {ArXiv e-prints},
  archivePrefix = "arXiv",
  eprint = {1611.02163},
  primaryClass = "cs.LG",
  keywords = {Computer Science - Learning, Statistics - Machine Learning},
  year = 2016,
  month = nov,
  adsurl = {http://adsabs.harvard.edu/abs/2016arXiv161102163M},
  adsnote = {Provided by the SAO/NASA Astrophysics Data System}
}

@article{2017arXiv171010196K,
  author = {{Karras}, T. and {Aila}, T. and {Laine}, S. and {Lehtinen}, J.},
  title = "{Progressive Growing of GANs for Improved Quality, Stability, and Variation}",
  journal = {ArXiv e-prints},
  archivePrefix = "arXiv",
  eprint = {1710.10196},
  keywords = {Computer Science - Neural and Evolutionary Computing, Computer Science - Learning, Statistics - Machine Learning},
  year = 2017,
  month = oct,
  adsurl = {http://adsabs.harvard.edu/abs/2017arXiv171010196K},
  adsnote = {Provided by the SAO/NASA Astrophysics Data System}
}

@article{2015arXiv151101844T,
  author = {{Theis}, L. and {van den Oord}, A. and {Bethge}, M.},
  title = "{A note on the evaluation of generative models}",
  journal = {ArXiv e-prints},
  archivePrefix = "arXiv",
  eprint = {1511.01844},
  primaryClass = "stat.ML",
  keywords = {Statistics - Machine Learning, Computer Science - Learning},
  year = 2015,
  month = nov,
  adsurl = {http://adsabs.harvard.edu/abs/2015arXiv151101844T},
  adsnote = {Provided by the SAO/NASA Astrophysics Data System}
}

@article{2015arXiv150203167I,
  author = {{Ioffe}, S. and {Szegedy}, C.},
  title = "{Batch Normalization: Accelerating Deep Network Training by Reducing Internal Covariate Shift}",
  journal = {ArXiv e-prints},
  archivePrefix = "arXiv",
  eprint = {1502.03167},
  primaryClass = "cs.LG",
  keywords = {Computer Science - Learning},
  year = 2015,
  month = feb,
  adsurl = {http://adsabs.harvard.edu/abs/2015arXiv150203167I},
  adsnote = {Provided by the SAO/NASA Astrophysics Data System}
}


@article{2017arXiv171007035C,
  author = {{Creswell}, A. and {White}, T. and {Dumoulin}, V. and {Arulkumaran}, K. and
  {Sengupta}, B. and {Bharath}, A.~A},
  title = "{Generative Adversarial Networks: An Overview}",
  journal = {ArXiv e-prints},
  archivePrefix = "arXiv",
  eprint = {1710.07035},
  primaryClass = "cs.CV",
  keywords = {Computer Science - Computer Vision and Pattern Recognition},
  year = 2017,
  month = oct,
  adsurl = {http://adsabs.harvard.edu/abs/2017arXiv171007035C},
  adsnote = {Provided by the SAO/NASA Astrophysics Data System}
}

@article{2015arXiv151106434R,
  author = {{Radford}, A. and {Metz}, L. and {Chintala}, S.},
  title = "{Unsupervised Representation Learning with Deep Convolutional Generative Adversarial Networks}",
  journal = {ArXiv e-prints},
  archivePrefix = "arXiv",
  eprint = {1511.06434},
  primaryClass = "cs.LG",
  keywords = {Computer Science - Learning, Computer Science - Computer Vision and Pattern Recognition},
  year = 2015,
  month = nov,
  adsurl = {http://adsabs.harvard.edu/abs/2015arXiv151106434R},
  adsnote = {Provided by the SAO/NASA Astrophysics Data System}
}

@article{2016arXiv160600704D,
  author = {{Dumoulin}, V. and {Belghazi}, I. and {Poole}, B. and {Mastropietro}, O. and
  {Lamb}, A. and {Arjovsky}, M. and {Courville}, A.},
  title = "{Adversarially Learned Inference}",
  journal = {ArXiv e-prints},
  archivePrefix = "arXiv",
  eprint = {1606.00704},
  primaryClass = "stat.ML",
  keywords = {Statistics - Machine Learning, Computer Science - Learning},
  year = 2016,
  month = jun,
  adsurl = {http://adsabs.harvard.edu/abs/2016arXiv160600704D},
  adsnote = {Provided by the SAO/NASA Astrophysics Data System}
}

@article{2016arXiv160509782D,
  author = {{Donahue}, J. and {Kr{\"a}henb{\"u}hl}, P. and {Darrell}, T.},
  title = "{Adversarial Feature Learning}",
  journal = {ArXiv e-prints},
  archivePrefix = "arXiv",
  eprint = {1605.09782},
  primaryClass = "cs.LG",
  keywords = {Computer Science - Learning, Computer Science - Artificial Intelligence, Computer Science - Computer Vision and Pattern Recognition, Computer Science - Neural and Evolutionary Computing, Statistics - Machine Learning},
  year = 2016,
  month = may,
  adsurl = {http://adsabs.harvard.edu/abs/2016arXiv160509782D},
  adsnote = {Provided by the SAO/NASA Astrophysics Data System}
}

@article{2017arXiv171010196K,
  author = {{Karras}, T. and {Aila}, T. and {Laine}, S. and {Lehtinen}, J.},
  title = "{Progressive Growing of GANs for Improved Quality, Stability, and Variation}",
  journal = {ArXiv e-prints},
  archivePrefix = "arXiv",
  eprint = {1710.10196},
  keywords = {Computer Science - Neural and Evolutionary Computing, Computer Science - Learning, Statistics - Machine Learning},
  year = 2017,
  month = oct,
  adsurl = {http://adsabs.harvard.edu/abs/2017arXiv171010196K},
  adsnote = {Provided by the SAO/NASA Astrophysics Data System}
}

@article{2016arXiv160904802L,
  author = {{Ledig}, C. and {Theis}, L. and {Huszar}, F. and {Caballero}, J. and {Cunningham}, A. and {Acosta}, A. and {Aitken}, A. and {Tejani}, A. and {Totz}, J. and {Wang}, Z. and {Shi}, W.},
  title = "{Photo-Realistic Single Image Super-Resolution Using a Generative Adversarial Network}",
  journal = {ArXiv e-prints},
  archivePrefix = "arXiv",
  eprint = {1609.04802},
  primaryClass = "cs.CV",
  keywords = {Computer Science - Computer Vision and Pattern Recognition, Statistics - Machine Learning},
  year = 2016,
  month = sep,
  adsurl = {http://adsabs.harvard.edu/abs/2016arXiv160904802L},
  adsnote = {Provided by the SAO/NASA Astrophysics Data System}
}

@ARTICLE{2017arXiv171111585W,
  author = {{Wang}, T.-C. and {Liu}, M.-Y. and {Zhu}, J.-Y. and {Tao}, A. and
  {Kautz}, J. and {Catanzaro}, B.},
  title = "{High-Resolution Image Synthesis and Semantic Manipulation with Conditional GANs}",
  journal = {ArXiv e-prints},
  archivePrefix = "arXiv",
  eprint = {1711.11585},
  primaryClass = "cs.CV",
  keywords = {Computer Science - Computer Vision and Pattern Recognition, Computer Science - Graphics, Computer Science - Learning},
  year = 2017,
  month = nov,
  adsurl = {http://adsabs.harvard.edu/abs/2017arXiv171111585W},
  adsnote = {Provided by the SAO/NASA Astrophysics Data System}
}

@ARTICLE{2017arXiv170310593Z,
  author = {{Zhu}, J.-Y. and {Park}, T. and {Isola}, P. and {Efros}, A.~A.},
  title = "{Unpaired Image-to-Image Translation using Cycle-Consistent Adversarial Networks}",
  journal = {ArXiv e-prints},
  archivePrefix = "arXiv",
  eprint = {1703.10593},
  primaryClass = "cs.CV",
  keywords = {Computer Science - Computer Vision and Pattern Recognition},
  year = 2017,
  month = mar,
  adsurl = {http://adsabs.harvard.edu/abs/2017arXiv170310593Z},
  adsnote = {Provided by the SAO/NASA Astrophysics Data System}
}

@ARTICLE{2016arXiv161000696F,
  author = {{Finn}, C. and {Levine}, S.},
  title = "{Deep Visual Foresight for Planning Robot Motion}",
  journal = {ArXiv e-prints},
  archivePrefix = "arXiv",
  eprint = {1610.00696},
  primaryClass = "cs.LG",
  keywords = {Computer Science - Learning, Computer Science - Artificial Intelligence, Computer Science - Computer Vision and Pattern Recognition, Computer Science - Robotics},
  year = 2016,
  month = oct,
  adsurl = {http://adsabs.harvard.edu/abs/2016arXiv161000696F},
  adsnote = {Provided by the SAO/NASA Astrophysics Data System}
}

@ARTICLE{2016arXiv161103852F,
  author = {{Finn}, C. and {Christiano}, P. and {Abbeel}, P. and {Levine}, S.},
  title = "{A Connection between Generative Adversarial Networks, Inverse Reinforcement Learning, and Energy-Based Models}",
  journal = {ArXiv e-prints},
  archivePrefix = "arXiv",
  eprint = {1611.03852},
  primaryClass = "cs.LG",
  keywords = {Computer Science - Learning, Computer Science - Artificial Intelligence},
  year = 2016,
  month = nov,
  adsurl = {http://adsabs.harvard.edu/abs/2016arXiv161103852F},
  adsnote = {Provided by the SAO/NASA Astrophysics Data System}
}


@ARTICLE{2013arXiv1306.1091B,
  author = {{Bengio}, Y. and {Thibodeau-Laufer}, {\'E}. and {Alain}, G. and {Yosinski}, J.},
  title = "{Deep Generative Stochastic Networks Trainable by Backprop}",
  journal = {ArXiv e-prints},
  archivePrefix = "arXiv",
  eprint = {1306.1091},
  primaryClass = "cs.LG",
  keywords = {Computer Science - Learning},
  year = 2013,
  month = jun,
  adsurl = {http://adsabs.harvard.edu/abs/2013arXiv1306.1091B},
  adsnote = {Provided by the SAO/NASA Astrophysics Data System}
}


@ARTICLE{2015arXiv151106380L,
author = {{Lotter}, W. and {Kreiman}, G. and {Cox}, D.},
title = "{Unsupervised Learning of Visual Structure using Predictive Generative Networks}",
journal = {ArXiv e-prints},
archivePrefix = "arXiv",
eprint = {1511.06380},
primaryClass = "cs.LG",
keywords = {Computer Science - Learning, Computer Science - Artificial Intelligence, Computer Science - Computer Vision and Pattern Recognition, Quantitative Biology - Neurons and Cognition},
year = 2015,
month = nov,
adsurl = {http://adsabs.harvard.edu/abs/2015arXiv151106380L},
adsnote = {Provided by the SAO/NASA Astrophysics Data System}
}
