@article{Quinlan:1986:IDT:637962.637969,
  author = {Quinlan, J. R.},
  title = {Induction of Decision Trees},
  journal = {Mach. Learn.},
  volume = {1},
  number = {1},
  month = mar,
  year = {1986},
  issn = {0885-6125},
  pages = {81--106},
  numpages = {26},
  url = {http://dx.doi.org/10.1023/A:1022643204877},
  doi = {10.1023/A:1022643204877},
  acmid = {637969},
  publisher = {Kluwer Academic Publishers},
  address = {Hingham, MA, USA},
  keywords = {classification, decision trees, expert systems, induction, information theory, knowledge acquisition},
}
